<?xml version="1.0" encoding="UTF-8"?>
  <record xmlns="http://www.loc.gov/MARC21/slim" type="Authority">
    <leader>00000nz  a2200000oc 4500</leader>
    <controlfield tag="001">100366082</controlfield>
    <controlfield tag="003">DE-101</controlfield>
    <controlfield tag="005">20220310173932.0</controlfield>
    <controlfield tag="008">900615n||aznnnaabn           | aaa    |c</controlfield>
    <datafield tag="024" ind1="7" ind2=" ">
      <subfield code="a">100366082</subfield>
      <subfield code="0">http://d-nb.info/gnd/100366082</subfield>
      <subfield code="2">gnd</subfield>
    </datafield>
    <datafield tag="035" ind1=" " ind2=" ">
      <subfield code="a">(DE-101)100366082</subfield>
    </datafield>
    <datafield tag="035" ind1=" " ind2=" ">
      <subfield code="a">(DE-588)100366082</subfield>
    </datafield>
    <datafield tag="035" ind1=" " ind2=" ">
      <subfield code="z">(DE-588)1090277121</subfield>
    </datafield>
    <datafield tag="035" ind1=" " ind2=" ">
      <subfield code="z">(DE-588a)100366082</subfield>
      <subfield code="9">v:zg</subfield>
    </datafield>
    <datafield tag="040" ind1=" " ind2=" ">
      <subfield code="a">DE-12</subfield>
      <subfield code="c">DE-12</subfield>
      <subfield code="9">r:DE-12</subfield>
      <subfield code="b">ger</subfield>
      <subfield code="d">9999</subfield>
    </datafield>
    <datafield tag="042" ind1=" " ind2=" ">
      <subfield code="a">gnd3</subfield>
    </datafield>
    <datafield tag="075" ind1=" " ind2=" ">
      <subfield code="b">p</subfield>
      <subfield code="2">gndgen</subfield>
    </datafield>
    <datafield tag="075" ind1=" " ind2=" ">
      <subfield code="b">piz</subfield>
      <subfield code="2">gndspec</subfield>
    </datafield>
    <datafield tag="079" ind1=" " ind2=" ">
      <subfield code="a">g</subfield>
      <subfield code="q">a</subfield>
      <subfield code="q">f</subfield>
      <subfield code="u">v</subfield>
    </datafield>
    <datafield tag="100" ind1="1" ind2=" ">
      <subfield code="a">Jonge, Boudewijn &#152;de&#156;</subfield>
      <subfield code="d">-1634</subfield>
    </datafield>
    <datafield tag="400" ind1="1" ind2=" ">
      <subfield code="a">Iunius, Balduinus</subfield>
      <subfield code="d">-1634</subfield>
    </datafield>
    <datafield tag="400" ind1="1" ind2=" ">
      <subfield code="a">Peregrinus, Constantinus</subfield>
      <subfield code="d">-1634</subfield>
    </datafield>
    <datafield tag="400" ind1="1" ind2=" ">
      <subfield code="a">Junius, Balduinus</subfield>
      <subfield code="d">-1634</subfield>
    </datafield>
    <datafield tag="400" ind1="1" ind2=" ">
      <subfield code="a">Jonghe, Boudewijn &#152;de&#156;</subfield>
      <subfield code="d">-1634</subfield>
    </datafield>
    <datafield tag="400" ind1="1" ind2=" ">
      <subfield code="a">Peregrinus, Constantius</subfield>
      <subfield code="d">-1634</subfield>
      <subfield code="4">pseu</subfield>
      <subfield code="4">https://d-nb.info/standards/elementset/gnd#pseudonym</subfield>
      <subfield code="w">r</subfield>
      <subfield code="i">Pseudonym</subfield>
      <subfield code="e">Pseudonym</subfield>
    </datafield>
    <datafield tag="400" ind1="1" ind2=" ">
      <subfield code="a">Junius, Balduin</subfield>
      <subfield code="d">-1634</subfield>
    </datafield>
    <datafield tag="400" ind1="1" ind2=" ">
      <subfield code="a">Jonge, Balduin &#152;de&#156;</subfield>
      <subfield code="d">-1634</subfield>
    </datafield>
    <datafield tag="400" ind1="1" ind2=" ">
      <subfield code="a">Jonghe, Balduin &#152;de&#156;</subfield>
      <subfield code="d">-1634</subfield>
    </datafield>
    <datafield tag="400" ind1="1" ind2=" ">
      <subfield code="a">Jonge, Boudewyn &#152;de&#156;</subfield>
      <subfield code="d">-1634</subfield>
    </datafield>
    <datafield tag="400" ind1="1" ind2=" ">
      <subfield code="a">Jong, Boudewyn &#152;de&#156;</subfield>
      <subfield code="d">-1634</subfield>
    </datafield>
    <datafield tag="400" ind1="1" ind2=" ">
      <subfield code="a">Jong, Boudewijn &#152;de&#156;</subfield>
      <subfield code="d">-1634</subfield>
    </datafield>
    <datafield tag="400" ind1="1" ind2=" ">
      <subfield code="a">De Jonghe, Baudouin</subfield>
      <subfield code="d">-1634</subfield>
      <subfield code="9">v:4ELRAKm</subfield>
    </datafield>
    <datafield tag="400" ind1="1" ind2=" ">
      <subfield code="a">Jonghe, Baudouin &#152;de&#156;</subfield>
      <subfield code="d">-1634</subfield>
    </datafield>
    <datafield tag="400" ind1="1" ind2=" ">
      <subfield code="a">Junius, Baldewinus</subfield>
      <subfield code="d">-1634</subfield>
    </datafield>
    <datafield tag="400" ind1="1" ind2=" ">
      <subfield code="a">Juvenis, Balduinus</subfield>
      <subfield code="d">-1634</subfield>
    </datafield>
    <datafield tag="400" ind1="1" ind2=" ">
      <subfield code="a">DeJonghe, Baudouin</subfield>
      <subfield code="d">-1634</subfield>
      <subfield code="9">v:RAK alt</subfield>
    </datafield>
    <datafield tag="548" ind1=" " ind2=" ">
      <subfield code="a">-1634</subfield>
      <subfield code="4">datl</subfield>
      <subfield code="4">https://d-nb.info/standards/elementset/gnd#dateOfDeath</subfield>
      <subfield code="w">r</subfield>
      <subfield code="i">Lebensdaten</subfield>
    </datafield>
    <datafield tag="667" ind1=" " ind2=" ">
      <subfield code="a">12</subfield>
    </datafield>
    <datafield tag="667" ind1=" " ind2=" ">
      <subfield code="a">7</subfield>
    </datafield>
    <datafield tag="670" ind1=" " ind2=" ">
      <subfield code="a">NUC, BLC</subfield>
    </datafield>
    <datafield tag="672" ind1=" " ind2="0">
      <subfield code="a">Jonge, Boudewijn de: Buquoy quadrimestre iter progressusque</subfield>
      <subfield code="f">1621</subfield>
    </datafield>
    <datafield tag="672" ind1=" " ind2="0">
      <subfield code="a">Jonge, Boudewijn de: Canticum Canticorum Salomonis</subfield>
      <subfield code="f">1631</subfield>
    </datafield>
    <datafield tag="672" ind1=" " ind2="0">
      <subfield code="a">Jonge, Boudewijn de: Chronicon morale</subfield>
      <subfield code="f">1621</subfield>
    </datafield>
    <datafield tag="672" ind1=" " ind2="0">
      <subfield code="a">Jonge, Boudewijn de: Conciones super evangelia dominicalia</subfield>
      <subfield code="f">1610</subfield>
    </datafield>
    <datafield tag="672" ind1=" " ind2="0">
      <subfield code="a">Jonge, Boudewijn de: Conciones super evangelia dominicalia</subfield>
      <subfield code="f">1611</subfield>
    </datafield>
    <datafield tag="672" ind1=" " ind2="0">
      <subfield code="a">Jonge, Boudewijn de: Conciones super evangelia dominicalia</subfield>
      <subfield code="f">1613</subfield>
    </datafield>
    <datafield tag="672" ind1=" " ind2="0">
      <subfield code="a">Jonge, Boudewijn de: In Dominicas totius anni</subfield>
      <subfield code="f">1616</subfield>
    </datafield>
    <datafield tag="672" ind1=" " ind2="0">
      <subfield code="a">Jonge, Boudewijn de: Expeditiones Caesareo-Buquoianae</subfield>
      <subfield code="f">1621</subfield>
    </datafield>
    <datafield tag="672" ind1=" " ind2="0">
      <subfield code="a">Jonge, Boudewijn de: Fasciculus myrrhae dilectus</subfield>
      <subfield code="f">1631</subfield>
    </datafield>
    <datafield tag="672" ind1=" " ind2="0">
      <subfield code="a">Jonge, Boudewijn de: Lilium inter spinas</subfield>
      <subfield code="f">1631</subfield>
    </datafield>
    <datafield tag="678" ind1=" " ind2=" ">
      <subfield code="b">Deb, zu Dordrecht; Theologe, Franziskaner</subfield>
    </datafield>
    <datafield tag="913" ind1=" " ind2=" ">
      <subfield code="S">pnd</subfield>
      <subfield code="i">a</subfield>
      <subfield code="a">Jonge, Boudewijn /de</subfield>
      <subfield code="0">(DE-588a)100366082</subfield>
    </datafield>
  </record>
